@Article{Biswal1995,
  author =       "B Biswal and F Z Yetkin and V M Haughton and J S
                 Hyde",
  journal =      "Magn Reson Med",
  number =       "4",
  pages =        "537--541",
  title =        "{Functional connectivity in the motor cortex of
                 resting human brain using echo-planar MRI.}",
  volume =       "34",
  year =         "1995",
}

@Article{Lund2001,
  author =       "T. E. Lund",
  title =        "{fc{M}{R}{I}--mapping functional connectivity or
                 correlating cardiac-induced noise?}",
  journal =      "Magn Reson Med",
  year =         "2001",
  volume =       "46",
  number =       "3",
  pages =        "628--629",
  month =        "Sep",
}

@Article{Morcom2007,
  author =       "Alexa M Morcom and Paul C Fletcher",
  journal =      "NeuroImage",
  number =       "4",
  pages =        "1073--1082",
  title =        "{Does the brain have a baseline? Why we should be
                 resisting a rest.}",
  volume =       "37",
  month =        "Dec",
  year =         "2007",
}

@Article{Fox2010,
  address =      "Switzerland",
  author =       "Michael D Fox and Michael Greicius",
  journal =      "Front Syst Neurosci",
  pages =        "19",
  title =        "{Clinical applications of resting state functional
                 connectivity.}",
  volume =       "4",
  year =         "2010",
}

@Article{Kelly2012,
  author =       "C. Kelly and B. B. Biswal and R. C. Craddock and F. X.
                 Castellanos and M. P. Milham",
  title =        "{{C}haracterizing variation in the functional
                 connectome: promise and pitfalls}",
  journal =      "Trends Cogn. Sci.",
  year =         "2012",
  volume =       "16",
  number =       "3",
  pages =        "181--188",
  month =        "Mar",
}

@Article{Pritchard1969,
  author =       "Alan Pritchard",
  journal =      "Journal of Documentation",
  title =        "{Statistical Bibliography or Bibliometrics?}",
  month =        "Dec",
  year =         "1969",
  volume =       "25",
  number =       "4",
  pages =        "348--349",
}

@article{Gastner2004,
author = {Gastner, Michael T. and Newman, M. E. J.}, 
title = {Diffusion-based method for producing density-equalizing maps},
volume = {101}, 
number = {20}, 
pages = {7499-7504}, 
year = {2004}, 
journal = {Proceedings of the National Academy of Sciences of the United States of America} 
}

@Article{Poldrack2011,
   Author="Poldrack, R. A.  and Kittur, A.  and Kalar, D.  and Miller, E.  and Seppa, C.  and Gil, Y.  and Parker, D. S.  and Sabb, F. W.  and Bilder, R. M. ",
   Title="{{T}he cognitive atlas: toward a knowledge foundation for cognitive neuroscience}",
   Journal="Front Neuroinform",
   Year="2011",
   Volume="5",
   Pages="17"
}

@INPROCEEDINGS{Quinlan86,
    author = {J. R Quinlan},
    title = {Induction of Decision Trees},
    booktitle = {Machine Learning},
    year = {1986},
    pages = {81--106}
}

@Article{Watts1998,
   Author="Watts, D. J.  and Strogatz, S. H. ",
   Title="{{C}ollective dynamics of 'small-world' networks}",
   Journal="Nature",
   Year="1998",
   Volume="393",
   Number="6684",
   Pages="440--442",
   Month="Jun"
}

@InProceedings{Hagberg2008,
  author =       {Aric A. Hagberg and Daniel A. Schult and Pieter J. Swart},
  title =        {Exploring Network Structure, Dynamics, and Function using NetworkX},
  booktitle =   {Proceedings of the 7th Python in Science Conference},
  pages =     {11 - 15},
  address = {Pasadena, CA USA},
  year =      {2008},
  editor =    {Ga\"el Varoquaux and Travis Vaught and Jarrod Millman},
}

@techreport{Page1999,
          number = {1999-66},
           month = {November},
          author = {Lawrence Page and Sergey Brin and Rajeev Motwani and Terry Winograd},
            note = {Previous number = SIDL-WP-1999-0120},
           title = {The PageRank Citation Ranking: Bringing Order to the Web.},
            type = {Technical Report},
       publisher = {Stanford InfoLab},
            year = {1999},
     institution = {Stanford InfoLab},
}

@article{Quenouille1956,
author = {Quenouille, M. H.}, 
title = {Notes on Bias in Estimation},
volume = {43}, 
number = {3-4}, 
pages = {353-360}, 
year = {1956}, 
journal = {Biometrika} 
}
